@preamble{ "\providecommand\noopsort[1]{}" }

@inproceedings{goodfellow2014generative,
  title={Generative adversarial nets},
  author={Goodfellow, Ian and Pouget-Abadie, Jean and Mirza, Mehdi and Xu, Bing and Warde-Farley, David and Ozair, Sherjil and Courville, Aaron and Bengio, Yoshua},
  booktitle={Advances in neural information processing systems},
  pages={2672--2680},
  year={2014}
}

@inproceedings{isola2017image,
  title={Image-to-image translation with conditional adversarial networks},
  author={Isola, Phillip and Zhu, Jun-Yan and Zhou, Tinghui and Efros, Alexei A},
  booktitle={Proceedings of the IEEE conference on computer vision and pattern recognition},
  pages={1125--1134},
  year={2017}
}

@inproceedings{jako2011fast,
  title={Fast Hydraulic and Thermal Erosion on GPU.},
  author={J{\'a}k{\'o}, Bal{\'a}zs and T{\'o}th, Bal{\'a}zs},
  booktitle={Eurographics (Short Papers)},
  pages={57--60},
  year={2011}
}

@article{kingma2013auto,
  title={Auto-encoding variational bayes},
  author={Kingma, Diederik P and Welling, Max},
  journal={arXiv preprint arXiv:1312.6114},
  year={2013}
}

@inproceedings{ronneberger2015u,
  title={U-net: Convolutional networks for biomedical image segmentation},
  author={Ronneberger, Olaf and Fischer, Philipp and Brox, Thomas},
  booktitle={International Conference on Medical image computing and computer-assisted intervention},
  pages={234--241},
  year={2015},
  organization={Springer}
}

@inproceedings{zhang2018perceptual,
  title={The Unreasonable Effectiveness of Deep Features as a Perceptual Metric},
  author={Zhang, Richard and Isola, Phillip and Efros, Alexei A and Shechtman, Eli and Wang, Oliver},
  booktitle={CVPR},
  year={2018}
}

@article{wang2004image,
  title={Image quality assessment: from error visibility to structural similarity},
  author={Wang, Zhou and Bovik, Alan C and Sheikh, Hamid R and Simoncelli, Eero P},
  journal={IEEE transactions on image processing},
  volume={13},
  number={4},
  pages={600--612},
  year={2004},
  publisher={IEEE}
}

@article{DOWSON1982450,
title = "The Fréchet distance between multivariate normal distributions",
journal = "Journal of Multivariate Analysis",
volume = "12",
number = "3",
pages = "450 - 455",
year = "1982",
issn = "0047-259X",
doi = "https://doi.org/10.1016/0047-259X(82)90077-X",
url = "http://www.sciencedirect.com/science/article/pii/0047259X8290077X",
author = "D.C Dowson and B.V Landau",
keywords = "Fréchet distance, multivariate normal distributions, covariance matrices",
abstract = "The Fréchet distance between two multivariate normal distributions having means μX, μY and covariance matrices ΣX, ΣY is shown to be given by d2 = |μX − μY|2 + tr(ΣX + ΣY − 2(ΣXΣY)12). The quantity d0 given by d02 = tr(ΣX + ΣY − 2(ΣXΣY)12) is a natural metric on the space of real covariance matrices of given order."
}

@misc{Seitzer2020FID,
  author={Maximilian Seitzer},
  title={{pytorch-fid: FID Score for PyTorch}},
  month={August},
  year={2020},
  note={Version 0.1.1},
  howpublished={\url{https://github.com/mseitzer/pytorch-fid}},
}

@article{ours,
  title={利用生成對抗網路生成擬真的山脈地形},
  author={\noopsort{1}程品奕、李杰穎},
  journal={中華民國第60屆中小學科學展覽會},
  year={2020},
  url={https://www.ntsec.edu.tw/Science-Content.aspx?a=6821&fld=&key=&isd=1&icop=10&p=1&sid=16557}
}

